<collection xmlns="http://www.loc.gov/MARC21/slim">
<record>
  <leader>00738nam0a22001931i 450 </leader>
  <controlfield tag="001">IT\ICCU\CNCE\071696</controlfield>
  <controlfield tag="005">20080303000000.0</controlfield>
  <datafield tag="100" ind1=" " ind2=" ">
    <subfield code="a">20070823d1576        0itac0103    ba</subfield>
  </datafield>
  <datafield tag="101" ind1=" " ind2=" ">
    <subfield code="a">ITA</subfield>
  </datafield>
  <datafield tag="102" ind1=" " ind2=" ">
    <subfield code="a">CH</subfield>
  </datafield>
  <datafield tag="200" ind1="1" ind2=" ">
    <subfield code="a">Perle elette di Francesco Perrotto, cauate da quel tesoro infinito di CL. salmi di David. Diuise in tre parti et noue canti</subfield>
  </datafield>
  <datafield tag="210" ind1=" " ind2=" ">
    <subfield code="a">\Ginevra!</subfield>
    <subfield code="c">appresso Giovanni de Laon</subfield>
    <subfield code="d">1576</subfield>
  </datafield>
  <datafield tag="215" ind1=" " ind2=" ">
    <subfield code="a">\80! c.</subfield>
    <subfield code="d">8ʻ</subfield>
  </datafield>
  <datafield tag="620" ind1=" " ind2=" ">
    <subfield code="a">CH</subfield>
    <subfield code="d">Ginevra</subfield>
  </datafield>
  <datafield tag="700" ind1=" " ind2="1">
    <subfield code="a">Perrot,</subfield>
    <subfield code="b">Franȯis</subfield>
    <subfield code="3">IT\ICCU\CNCA\001131</subfield>
  </datafield>
  <datafield tag="712" ind1="0" ind2="0">
    <subfield code="a">Laon, Jean de</subfield>
    <subfield code="c"> &lt;1.&gt;</subfield>
    <subfield code="3">IT\ICCU\CNCT\006204</subfield>
    <subfield code="4">650</subfield>
  </datafield>
  <datafield tag="790" ind1=" " ind2="1">
    <subfield code="a">Perotto,</subfield>
    <subfield code="b">Francesco</subfield>
    <subfield code="3">IT\ICCU\CNCA\014777</subfield>
    <subfield code="z">Perrot, Franȯis</subfield>
  </datafield>
  <datafield tag="790" ind1=" " ind2="1">
    <subfield code="a">Perrotti,</subfield>
    <subfield code="b">Francesco</subfield>
    <subfield code="3">IT\ICCU\CNCA\022057</subfield>
    <subfield code="z">Perrot, Franȯis</subfield>
  </datafield>
  <datafield tag="801" ind1=" " ind2="3">
    <subfield code="a">IT</subfield>
    <subfield code="b">ICCU</subfield>
    <subfield code="c">20201115</subfield>
  </datafield>
</record>
</collection>
